<record><leader>00000cas a22000007a 4500</leader><controlfield tag="001">18853949</controlfield><controlfield tag="008">881207d1841184umduwr ne      0    0eng d</controlfield><datafield ind1=" " ind2=" " tag="010"><subfield code="a">sn 88065195 </subfield></datafield><datafield ind1=" " ind2=" " tag="040"><subfield code="a">MFN</subfield><subfield code="b">eng</subfield><subfield code="c">MFN</subfield><subfield code="d">OCLCQ</subfield></datafield><datafield ind1=" " ind2=" " tag="042"><subfield code="a">msc</subfield></datafield><datafield ind1="0" ind2="0" tag="245"><subfield code="a">Maryland journal, and museum of politics, agriculture, and foreign literature.</subfield></datafield><datafield ind1="1" ind2="7" tag="246"><subfield code="a">Maryland journal, and Montgomery museum of politics, agriculture, and foreign literature</subfield></datafield><datafield ind1="3" ind2="0" tag="246"><subfield code="a">Maryland journal, a museum of politics, agriculture, and foreign literature</subfield></datafield><datafield ind1=" " ind2=" " tag="260"><subfield code="a">Rockville, Md. :</subfield><subfield code="b">Edward Waite</subfield></datafield><datafield ind1=" " ind2=" " tag="300"><subfield code="a">v.</subfield></datafield><datafield ind1=" " ind2=" " tag="310"><subfield code="a">Weekly</subfield></datafield><datafield ind1="1" ind2=" " tag="362"><subfield code="a">Began in 1841?</subfield></datafield><datafield ind1=" " ind2=" " tag="500"><subfield code="a">Published as: Maryland journal, a museum of politics, agriculture, and foreign literature, &lt;May 22-Oct. 9, 1844&gt;.</subfield></datafield><datafield ind1=" " ind2=" " tag="588"><subfield code="a">Description based on: Vol. 4, no. 5 (Feb. 1, 1844).</subfield></datafield><datafield ind1=" " ind2=" " tag="752"><subfield code="a">United States</subfield><subfield code="b">Maryland</subfield><subfield code="c">Montgomery</subfield><subfield code="d">Rockville.</subfield></datafield></record>